<?xml version="1.0" encoding="UTF-8"?>
  <OAI-PMH xmlns="http://www.openarchives.org/OAI/2.0/" 
           xmlns:xsi="http://www.w3.org/2001/XMLSchema-instance" 
           xsi:schemaLocation="http://www.openarchives.org/OAI/2.0/ 
                               http://www.openarchives.org/OAI/2.0/OAI-PMH.xsd">
  <responseDate>2002-12-23T16:30:07Z</responseDate>
<request verb="GetRecord" identifier="oai:lcoa1.loc.gov:loc.gmd/g3914c.cw0369000" metadataPrefix="marc21">http://memory.loc.gov/cgi-bin/oai2_0</request>
  <GetRecord>
    <record>
      <header>
        <identifier>oai:lcoa1.loc.gov:loc.gmd/g3914c.cw0369000</identifier>
        <datestamp>2002-08-14T08:03:58Z</datestamp>
        <setSpec>gmd</setSpec>
      </header>
      <metadata>
<record xmlns="http://www.loc.gov/MARC21/slim"
  xmlns:xsi="http://www.w3.org/2001/XMLSchema-instance" 
  xsi:schemaLocation="http://www.loc.gov/MARC21/slim 
  http://www.loc.gov/standards/marcxml/schema/MARC21slim.xsd"
  type="Bibliographic">
  <leader>01427cem  22003731  4500</leader>
<controlfield tag="001">   99448814 </controlfield>
<controlfield tag="003">DLC</controlfield>
<controlfield tag="005">20020812092159.0</controlfield>
<controlfield tag="007">aj aanzn</controlfield>
<controlfield tag="007">cr |||||||||||</controlfield>
<controlfield tag="008">020710s1862    nyu       a     0   eng  </controlfield>
<datafield tag="035" ind1=" " ind2=" ">
<subfield code="a">(DLC)12848717</subfield>
</datafield>
<datafield tag="010" ind1=" " ind2=" ">
<subfield code="a">   99448814 </subfield>
</datafield>
<datafield tag="040" ind1=" " ind2=" ">
<subfield code="a">DLC</subfield>
<subfield code="c">DLC</subfield>
<subfield code="d">DLC</subfield>
</datafield>
<datafield tag="050" ind1="0" ind2="0">
<subfield code="a">G3914.C3S5 1862</subfield>
<subfield code="b">.E3</subfield>
<subfield code="u">CW 369</subfield>
</datafield>
<datafield tag="052" ind1=" " ind2=" ">
<subfield code="a">3914</subfield>
<subfield code="b">C3</subfield>
</datafield>
<datafield tag="072" ind1=" " ind2="7">
<subfield code="a">S5</subfield>
<subfield code="2">lcg</subfield>
</datafield>
<datafield tag="110" ind1="2" ind2=" ">
<subfield code="a">E. &amp; G.W. Blunt (Firm).</subfield>
</datafield>
<datafield tag="245" ind1="1" ind2="0">
<subfield code="a">E. &amp; G. W. Blunt&apos;s map of Charleston and vicinity.</subfield>
</datafield>
<datafield tag="260" ind1=" " ind2=" ">
<subfield code="a">[New York],</subfield>
<subfield code="c">1862.</subfield>
</datafield>
<datafield tag="300" ind1=" " ind2=" ">
<subfield code="a">1 map,</subfield>
<subfield code="c">46 x 52 cm.</subfield>
</datafield>
<datafield tag="507" ind1=" " ind2=" ">
<subfield code="a">Scale ca. 1:151,000.</subfield>
</datafield>
<datafield tag="510" ind1="4" ind2=" ">
<subfield code="a">LC Civil War Maps (2nd ed.),</subfield>
<subfield code="c">369</subfield>
</datafield>
<datafield tag="500" ind1=" " ind2=" ">
<subfield code="a">Indicates fortifications, roads, railroads, towns, street pattern of Charleston, drainage, vegetation, and ship channels.</subfield>
</datafield>
<datafield tag="500" ind1=" " ind2=" ">
<subfield code="a">Description derived from published bibliography.</subfield>
</datafield>
<datafield tag="530" ind1=" " ind2=" ">
<subfield code="a">Available also through the Library of Congress web site as raster image.</subfield>
</datafield>
<datafield tag="651" ind1=" " ind2="0">
<subfield code="a">Charleston Region (S.C.)</subfield>
<subfield code="x">History</subfield>
<subfield code="y">Civil War, 1861-1865</subfield>
<subfield code="v">Maps.</subfield>
</datafield>
<datafield tag="752" ind1=" " ind2=" ">
<subfield code="a">United States</subfield>
<subfield code="b">South Carolina</subfield>
<subfield code="d">Charleston Region.</subfield>
</datafield>
<datafield tag="852" ind1="0" ind2=" ">
<subfield code="a">Library of Congress</subfield>
<subfield code="b">Geography and Map Division</subfield>
<subfield code="e">Washington, D.C. 20540-4650</subfield>
<subfield code="n">dcu</subfield>
</datafield>
<datafield tag="856" ind1="4" ind2="1">
<subfield code="3">copy 1</subfield>
<subfield code="d">g3914c</subfield>
<subfield code="f">cw0369000</subfield>
<subfield code="u">http://hdl.loc.gov/loc.gmd/g3914c.cw0369000</subfield>
</datafield>
</record>
      </metadata>
    </record>
  </GetRecord>
  </OAI-PMH> 
